@Manual{R-aswr,
  title = {aswr: Archaeological Science With R},
  author = {Ben Marwick},
  note = {R package version 0.1.0},
  year = {2017},
}
@Manual{R-base,
  title = {R: A Language and Environment for Statistical Computing},
  author = {{R Core Team}},
  organization = {R Foundation for Statistical Computing},
  address = {Vienna, Austria},
  year = {2017},
  url = {https://www.R-project.org/},
}
@Manual{R-bookdown,
  title = {bookdown: Authoring Books and Technical Documents with R Markdown},
  author = {Yihui Xie},
  year = {2016},
  note = {R package version 0.3},
  url = {https://CRAN.R-project.org/package=bookdown},
}
@Manual{R-googlesheets,
  title = {googlesheets: Manage Google Spreadsheets from R},
  author = {Jennifer Bryan and Joanna Zhao},
  year = {2017},
  note = {R package version 0.2.2},
  url = {https://CRAN.R-project.org/package=googlesheets},
}
@Manual{R-jailbreakr,
  title = {jailbreakr: Extract Data From Human-Readable 'Excel' Spreadsheets},
  author = {Jennifer Bryan and Richard G. FitzJohn},
  note = {R package version 0.0.1},
  url = {https://github.com/rsheets/jailbreakr},
  year = {2017},
}
@Manual{R-knitr,
  title = {knitr: A General-Purpose Package for Dynamic Report Generation in R},
  author = {Yihui Xie},
  year = {2017},
  note = {R package version 1.16},
  url = {https://CRAN.R-project.org/package=knitr},
}
@Manual{R-purrr,
  title = {purrr: Functional Programming Tools},
  author = {Lionel Henry and Hadley Wickham},
  year = {2017},
  note = {R package version 0.2.2.2},
  url = {https://CRAN.R-project.org/package=purrr},
}
@Manual{R-readxl,
  title = {readxl: Read Excel Files},
  author = {Hadley Wickham and Jennifer Bryan},
  year = {2017},
  note = {R package version 1.0.0},
  url = {https://CRAN.R-project.org/package=readxl},
}
@Manual{R-rexcel,
  title = {rexcel: R/Excel Linen Driver},
  author = {Rich FitzJohn and Jenny Bryan},
  note = {R package version 0.0.1},
  url = {https://github.com/rsheets/rexcel},
  year = {2017},
}
@Manual{R-rmarkdown,
  title = {rmarkdown: Dynamic Documents for R},
  author = {JJ Allaire and Joe Cheng and Yihui Xie and Jonathan McPherson and Winston Chang and Jeff Allen and Hadley Wickham and Aron Atkins and Rob Hyndman and Ruben Arslan},
  year = {2017},
  note = {R package version 1.5},
  url = {https://CRAN.R-project.org/package=rmarkdown},
}
